<?xml version="1.0" encoding="UTF-8"?><collection xmlns="http://www.loc.gov/MARC21/slim"><record><leader>00366nam--2200121-i-4500</leader><controlfield tag="001">000001857</controlfield><controlfield tag="002">20161230</controlfield><controlfield tag="005">20161230201024</controlfield><controlfield tag="008">060222s1000------------r-----000-0-eng-d</controlfield><datafield ind1=" " ind2=" " tag="100"><subfield code="a">Frankel, Max ., Patai, Saul</subfield></datafield><datafield ind1=" " ind2=" " tag="245"><subfield code="a">Tables for identification of organic coumpounds. 2nd edition</subfield></datafield><datafield ind1=" " ind2=" " tag="260"><subfield code="a">Cleveland, Ohio, The Chemical Rubber Co., 1964. X + 301 P</subfield></datafield><datafield ind1=" " ind2=" " tag="852"><subfield code="a">21880</subfield></datafield></record></collection>